@book{rudin1964principles,
  title={Principles of mathematical analysis},
  author={Rudin, Walter and others},
  volume={3},
  year={1964},
  publisher={McGraw-hill New York}
}
