@book{maico2020categoria,
    author = {Ribeiro, Maico},
    year = {2020},
    month = {05},
    pages = {},
    title = {Teoria das Categorias para Matemáticos. Uma breve introdução},
    isbn = {9786599039515},
}
