@book{lima2004analise,
  title={An{\'a}lise real},
  author={Lima, Elon Lages},
  year={2004},
  publisher={Impa}
}
