@book{craig2018course,
  title={A Course on Partial Differential Equations},
  author={Craig, Walter},
  volume={197},
  year={2018},
  publisher={American Mathematical Soc.}
}

@book{brezis2011functional,
  title={Functional analysis, Sobolev spaces and partial differential equations},
  author={Brezis, Haim and Br{\'e}zis, Haim},
  volume={2},
  number={3},
  year={2011},
  publisher={Springer}
}
