@book{Shao_2003_book,
  added-at = {2009-06-03T11:20:58.000+0200},
  author = {Shao, Jun},
  biburl = {
            https://www.bibsonomy.org/bibtex/227080faa7055bcabc2f622ca5b4328b7/hake
            },
  description = {The whole bibliography file I use.},
  edition = {2nd},
  interhash = {f2fc7d890a05fb4bb91184dd35bd0459},
  intrahash = {27080faa7055bcabc2f622ca5b4328b7},
  keywords = {imported},
  publisher = {Springer-Verlag New York Inc},
  timestamp = {2009-06-03T11:21:30.000+0200},
  title = {Mathematical Statistics},
  year = 2003,
}

@article{martin1966,
  title = {The definition of random sequences},
  author = {Martin-L{\"o}f, Per},
  journal = {Information and control},
  volume = {9},
  number = {6},
  pages = {602--619},
  year = {1966},
  publisher = {Elsevier},
}

@book{durrett2019probability,
  title = {Probability: theory and examples},
  author = {Durrett, Rick},
  volume = {49},
  year = {2019},
  publisher = {Cambridge university press},
}

@book{impaproba,
  title = {Notas de aula: Probabilidade I (Remix)},
  author = {Teixeira, Augusto and Lacoin, Hubert},
  year = {2018},
}

@article{sokol2013advanced,
  title = {Advanced probability},
  author = {Sokol, Alexander and R{\o}nn-Nielsen, Anders},
  journal = {University of Copenhagen: Department of Mathematical Sciences},
  year = {2013},
}

@book{le2016brownian,
  title = {Brownian motion, martingales, and stochastic calculus},
  author = {Le Gall, Jean-Fran{\c{c}}ois},
  year = {2016},
  publisher = {Springer},
} 

@misc{perrone2018categorical,
  title = {Categorical probability and stochastic dominance in metric spaces},
  author = {Perrone, Paolo},
  year = {2018},
  publisher = {Ph. D. Dissertation. University of Leipzig. htps://paoloperrone.
               org~â€¦},
}

@article{chin2019new,
  title={New simple proofs of the Kolmogorov extension theorem and Prokhorov's theorem},
  author={Chin, Wooyoung},
  journal={arXiv preprint arXiv:1911.12979},
  year={2019}
}
