@article{rudin1987real,
  title = {Real and complex analysis. 1987},
  author = {Rudin, Walter},
  journal = {Cited on},
  volume = {156},
  year = {1987},
}

@book{evans2018measure,
  title = {Measure theory and fine properties of functions},
  author = {Evans, Lawrence C and Garzepy, Ronald F},
  year = {2018},
  publisher = {Routledge},
}
