@book{gentle2020,
  title = {Theory of Statistics},
  author = {Gentle, James},
  url = {https://mason.gmu.edu/~jgentle/books/MathStat.pdf},
  year = {2020},
}
@book{keener2010theoretical,
  title = {Theoretical Statistics: Topics for a Core Course},
  author = {Keener, R.W.},
  isbn = {9780387938394},
  lccn = {2010935925},
  series = {Springer Texts in Statistics},
  url = {https://books.google.com.br/books?id=aVJmcega44cC},
  year = {2010},
  publisher = {Springer New York},
}
@book{Shao_2003_book,
  added-at = {2009-06-03T11:20:58.000+0200},
  author = {Shao, Jun},
  biburl = {
            https://www.bibsonomy.org/bibtex/227080faa7055bcabc2f622ca5b4328b7/hake
            },
  description = {The whole bibliography file I use.},
  edition = {2nd},
  interhash = {f2fc7d890a05fb4bb91184dd35bd0459},
  intrahash = {27080faa7055bcabc2f622ca5b4328b7},
  keywords = {imported},
  publisher = {Springer-Verlag New York Inc},
  timestamp = {2009-06-03T11:21:30.000+0200},
  title = {Mathematical Statistics},
  year = 2003,
}

@article{martin1966,
  title = {The definition of random sequences},
  author = {Martin-L{\"o}f, Per},
  journal = {Information and control},
  volume = {9},
  number = {6},
  pages = {602--619},
  year = {1966},
  publisher = {Elsevier},
}

@book{hult2015,
  title = {Lecture Notes - SF3961 Graduate course in statistical inference},
  author = {Hult, Henrik},
  url = {https://www.math.kth.se/matstat/gru/Statistical%20inference/},
  year = {2015},
}
