@book{doering2008equaccoes,
  title = {Equa{\c{c}}{\~o}es diferenciais ordin{\'a}rias},
  author = {Doering, Claus Ivo and Lopes, Artur O},
  number = {517.2 DOE},
  year = {2008},
}
