@misc{baldi2017introduction,
  title = {An Introduction Through Theory and Exercises. Stochastic Calculus.
           Universitext},
  author = {Baldi, P},
  year = {2017},
  publisher = {Springer, Cham},
}

@book{cartea2015algorithmic,
  title = {Algorithmic and high-frequency trading},
  author = {Cartea, {\'A}lvaro and Jaimungal, Sebastian and Penalva, Jos{\'e}},
  year = {2015},
  publisher = {Cambridge University Press},
}

@book{athreya2006measure,
  title = {Measure theory and probability theory},
  author = {Athreya, Krishna B and Lahiri, Soumendra N},
  volume = {19},
  year = {2006},
  publisher = {Springer},
}
@book{billingsley2008probability,
  title = {Probability and measure},
  author = {Billingsley, Patrick},
  year = {2008},
  publisher = {John Wiley \& Sons},
}

@book{oksendal2013stochastic,
  title = {Stochastic differential equations: an introduction with applications},
  author = {Oksendal, Bernt},
  year = {2013},
  publisher = {Springer Science \& Business Media},
}
@misc{ole2018ee,
  title = {Ergodicity Economics},
  author = {Peters, Ole and Adamou, Alexander},
  year = {2018},
  publisher = {London Mathematical Laboratory},
}
