@book{dorst2010geometric,
  title={Geometric algebra for computer science: an object-oriented approach to geometry},
  author={Dorst, Leo and Fontijne, Daniel and Mann, Stephen},
  year={2010},
  publisher={Elsevier}
}
@book{vaz2016introduction,
  title={An introduction to Clifford algebras and spinors},
  author={Vaz Jr, Jayme and da Rocha Jr, Rold{\~a}o},
  year={2016},
  publisher={Oxford University Press}
}
@book{garling2011clifford,
    title = {Clifford algebras: an introduction},
    author = {Garling, David JH},
    volume = {78},
    year = {2011},
    publisher = {Cambridge University Press},
}
@book{aluffi2021algebra,
    title = {Algebra: chapter 0},
    author = {Aluffi, Paolo},
    volume = {104},
    year = {2021},
    publisher = {American Mathematical Soc.},
}
@book{maico2020categoria,
    author = {Ribeiro, Maico},
    year = {2020},
    month = {05},
    pages = {},
    title = {Teoria das Categorias para Matemáticos. Uma breve introdução},
    isbn = {9786599039515},
}

@book{milewski2018category,
    title = {Category theory for programmers},
    author = {Milewski, Bartosz},
    year = {2018},
    publisher = {Blurb},
}

@book{bradley2020topology,
    title = {Topology: A Categorical Approach},
    author = {Bradley, Tai-Danae and Bryson, Tyler and Terilla, John},
    year = {2020},
    publisher = {MIT Press},
}

@book{leinster2014basic,
    title = {Basic category theory},
    author = {Leinster, Tom},
    volume = {143},
    year = {2014},
    publisher = {Cambridge University Press},
}

@article{leinster2014rethinking,
    title = {Rethinking set theory},
    author = {Leinster, Tom},
    journal = {The American Mathematical Monthly},
    volume = {121},
    number = {5},
    pages = {403--415},
    year = {2014},
    publisher = {Taylor \& Francis},
}

@book{lawvere2003sets,
    title = {Sets for mathematics},
    author = {Lawvere, F William and Rosebrugh, Robert},
    year = {2003},
    publisher = {Cambridge University Press},
}

@book{fong2019invitation,
    title = {An invitation to applied category theory: seven sketches in
             compositionality},
    author = {Fong, Brendan and Spivak, David I},
    year = {2019},
    publisher = {Cambridge University Press},
}
@book{borceux1994handbook,
    title = {Handbook of categorical algebra: volume 1, Basic category theory},
    author = {Borceux, Francis},
    volume = {1},
    year = {1994},
    publisher = {Cambridge University Press},
}

@book{roman2017introduction,
    title = {An Introduction to the Language of Category Theory},
    author = {Roman, Steven and others},
    volume = {6},
    year = {2017},
    publisher = {Springer},
}
@book{spivak2014category,
    title = {Category theory for the sciences},
    author = {Spivak, David I},
    year = {2014},
    publisher = {MIT Press},
}
@article{patterson2021categorical,
    title = {Categorical Data Structures for Technical Computing},
    author = {Patterson, Evan and Lynch, Owen and Fairbanks, James},
    journal = {arXiv preprint arXiv:2106.04703},
    year = {2021},
}
